@book{ddm2015book,
  title={Dynamic Memory Management for Embedded Systems},
  author={Alonso, David A and Mamagkakis, Stylianos and Poucet, Cristophe and Peón-Quirós, Miguel and Bartzas, Alexandros and Catthoor, Francky and Soudris, Dimitrios},
  year={2015},
  publisher={Springer Cham},
  pages={1--49},
}

@book{c2015book,
  title={An Introduction to the C Programming Language and Software Desing},
  author={Bailey, Tim},
  year={2015},
  publisher={The University of Sydney},
  address={Sydney},
  pages={73--84}
}

@unpublished{mmic2010,
  author= {Ferres, Leo},
  title= {Memory management in C: The heap and the stack},
  year= {2010},
  note= {Luentomuistiinpanot}
}

@unpublished{sasp2006,
  author= {Erives, Héctor},
  title= {The stack and the stack pointer},
  howpublished= {http://www.ee.nmt.edu/~erives/308L\_05},
  year= {2006},
  note= {Luentomuistiinpanot}
}

@book{rtcfes2015book,
  title={Real-Time Concepts for Embedded Systems},
  author={Li, Qing and Yao, Caroline},
  year={2003},
  publisher={CMP Books},
  address={San Francisco, CA 94107 USA},
  pages={9--27}
}

@inproceedings{bsstes@2023,
  title     = {Bringing Segmented Stacks to Embedded Systems},
  author    = {Ma, Zhiyao and Zhong, Lin},
  booktitle = {HotMobile '23: Proceedings of the 24th International Workshop on Mobile Computing Systems and Applications},
  year      = {2023},
  pages     = {117--123},
}

@INPROCEEDINGS{soeosmm@2009,
  author={Cheng, Xiao-Hui and Gong, You-min and Wang, Xin-zheng},
  booktitle={2009 First International Workshop on Education Technology and Computer Science}, 
  title={Study of Embedded Operating System Memory Management}, 
  year={2009},
  volume={3},
  number={},
  pages={962-965},
  doi={10.1109/ETCS.2009.753}
}

@INPROCEEDINGS{tmesubomam@2011,
  author={Meier, John and Gill, Christopher and Chamberlain, Roger D.},
  booktitle={2011 IEEE 35th Annual Computer Software and Applications Conference}, 
  title={Towards More Effective Spectrum Use Based on Memory Allocation Models}, 
  year={2011},
  volume={},
  number={},
  pages={426-435},
  doi={10.1109/COMPSAC.2011.63}
}
